<?xml version="1.0" encoding="UTF-8"?><collection xmlns="http://www.loc.gov/MARC21/slim"><record><leader>00345nam--2200121-i-4500</leader><controlfield tag="001">000029226</controlfield><controlfield tag="002">20161230</controlfield><controlfield tag="005">20161230201037</controlfield><controlfield tag="008">060222s1000------------r-----000-0-eng-d</controlfield><datafield ind1=" " ind2=" " tag="245"><subfield code="a">Concrete-polymer materials._fourth topical report-january 1972</subfield></datafield><datafield ind1=" " ind2=" " tag="260"><subfield code="a">Washington, B.N.L., 1972. Vii + 114p</subfield></datafield><datafield ind1=" " ind2=" " tag="700"><subfield code="a">Kukacka, L.E., Depuy, G.W</subfield></datafield><datafield ind1=" " ind2=" " tag="852"><subfield code="a">30397</subfield></datafield></record></collection>